@ARTICLE{paul96,
   author = {{Paul}, J. and {Bouchet}, L. and {Churazov}, E. and {Sunyaev}, R.
	},
    title = "{GRS 1739-278}",
  journal = {\iaucirc},
     year = 1996,
    month = mar,
   volume = 6348,
   adsurl = {http://adsabs.harvard.edu/abs/1996IAUC.6348....1P},
  adsnote = {Provided by the SAO/NASA Astrophysics Data System}
}

@article{paul91,
  title={SIGMA: The hard X-ray and soft gamma-ray telescope on board the GRANAT space observatory},
  author={Paul, J and Mandrou, P and Ballet, J and Cantin, M and Chabaud, JP and Cordier, B and Ehanno, M and Goldwurm, A and Lambert, A and Lande, J and others},
  journal={Advances in Space Research},
  volume={11},
  number={8},
  pages={289--302},
  year={1991},
  publisher={Elsevier}
}



@ARTICLE{vargas97,
   author = {{Vargas}, M. and {Goldwurm}, A. and {Laurent}, P. and {Paul}, J. and 
	{Jourdain}, E. and {Roques}, J.-P. and {Borrel}, V. and {Bouchet}, L. and 
	{Sunyaev}, R. and {Churazov}, E. and {Gilfanov}, M. and {Novikov}, B. and 
	{Dyachkov}, A. and {Khavenson}, N. and {Sukhanov}, K. and {Kuleshova}, N.
	},
    title = "{SIGMA//it GRANAT Discovery of GRS 1739-278, a Hard X-Ray Transient in the Galactic Bulge}",
  journal = {\apjl},
 keywords = {BLACK HOLE PHYSICS, GAMMA RAYS: OBSERVATIONS, STARS: BINARIES: CLOSE, Stars: Binaries: Close, Black Hole Physics, Gamma Rays: Observations},
     year = 1997,
    month = feb,
   volume = 476,
    pages = {L23-L26},
      doi = {10.1086/310489},
   adsurl = {http://adsabs.harvard.edu/abs/1997ApJ...476L..23V},
  adsnote = {Provided by the SAO/NASA Astrophysics Data System}
}



@ARTICLE{borozdin98,
   author = {{Borozdin}, K.~N. and {Revnivtsev}, M.~G. and {Trudolyubov}, S.~P. and 
	{Aleksandrovich}, N.~L. and {Sunyaev}, R.~A. and {Skinner}, G.~K.
	},
    title = "{The X-ray nova GRS 1739-278 near the Galactic center}",
  journal = {Astronomy Letters},
   eprint = {astro-ph/9901192},
     year = 1998,
    month = jul,
   volume = 24,
    pages = {435-444},
   adsurl = {http://adsabs.harvard.edu/abs/1998AstL...24..435B},
  adsnote = {Provided by the SAO/NASA Astrophysics Data System}
}

@ARTICLE{borozdin00,
   author = {{Borozdin}, K.~N. and {Trudolyubov}, S.~P.},
    title = "{Detection of a 5 HZ Quasi-periodic Oscillation from X-Ray Nova GRS 1739-278}",
  journal = {\apjl},
   eprint = {astro-ph/9911290},
 keywords = {STARS: BINARIES: CLOSE, BLACK HOLE PHYSICS, STARS: INDIVIDUAL: ALPHANUMERIC: GRS 1739-278, X-RAYS: STARS},
     year = 2000,
    month = apr,
   volume = 533,
    pages = {L131-L134},
      doi = {10.1086/312625},
   adsurl = {http://adsabs.harvard.edu/abs/2000ApJ...533L.131B},
  adsnote = {Provided by the SAO/NASA Astrophysics Data System}
}

@ARTICLE{filippova14,
   author = {{Filippova}, E. and {Kuulkers}, E. and {Sk{\aa}dt}, N.~M. and 
	{Alfonso-Garzon}, J. and {Beckmann}, V. and {Bird}, A.~J. and 
	{Brandt}, S. and {Chenevez}, J. and {Del Santo}, M. and {Domingo}, A. and 
	{Ebisawa}, K. and {Jonker}, P.~G. and {Kretschmar}, P. and {Markwardt}, C.~B. and 
	{Oosterbroek}, T. and {Paizis}, A. and {Pottschmidt}, K. and 
	{Sanchez-Fernandez}, C. and {Wijnands}, R. and {Bozzo}, E. and 
	{Ferrigno}, C.},
    title = "{INTEGRAL observation of GRS 1739-278 in outburst}",
  journal = {The Astronomer's Telegram},
 keywords = {X-ray, Black Hole, Transient},
     year = 2014,
    month = mar,
   volume = 5991,
   adsurl = {http://adsabs.harvard.edu/abs/2014ATel.5991....1F},
  adsnote = {Provided by the SAO/NASA Astrophysics Data System}
}

@ARTICLE{filippova14a,
   author = {{Filippova}, E. and {Bozzo}, E. and {Ferrigno}, C.},
    title = "{INTEGRAL and Swift observations of the hard X-ray transient MAXI J1828-249}",
  journal = {\aap},
archivePrefix = "arXiv",
   eprint = {1403.1819},
 primaryClass = "astro-ph.HE",
 keywords = {X-rays: binaries, X-rays: bursts, accretion, accretion disks, black hole physics},
     year = 2014,
    month = mar,
   volume = 563,
      eid = {A124},
    pages = {A124},
      doi = {10.1051/0004-6361/201323337},
   adsurl = {http://adsabs.harvard.edu/abs/2014A%26A...563A.124F},
  adsnote = {Provided by the SAO/NASA Astrophysics Data System}
}

@INPROCEEDINGS{belloni10,
   author = {{Belloni}, T.~M.},
    title = "{States and Transitions in Black Hole Binaries}",
booktitle = {Lecture Notes in Physics, Berlin Springer Verlag},
     year = 2010,
   series = {Lecture Notes in Physics, Berlin Springer Verlag},
   volume = 794,
archivePrefix = "arXiv",
   eprint = {0909.2474},
 primaryClass = "astro-ph.HE",
   editor = {{Belloni}, T.},
    month = mar,
    pages = {53},
      doi = {10.1007/978-3-540-76937-8_3},
   adsurl = {http://adsabs.harvard.edu/abs/2010LNP...794...53B},
  adsnote = {Provided by the SAO/NASA Astrophysics Data System}
}

@ARTICLE{greiner96,
   author = {{Greiner}, J. and {Dennerl}, K. and {Predehl}, P.},
    title = "{ROSAT observation of GRS 1739-278.}",
  journal = {\aap},
   eprint = {astro-ph/9608184},
 keywords = {X-RAYS: STARS, BINARIES: GENERAL, BLACK HOLE CANDIDATE, STARS: INDIVIDUAL: GRS 1739-278},
     year = 1996,
    month = oct,
   volume = 314,
    pages = {L21-L24},
   adsurl = {http://adsabs.harvard.edu/abs/1996A%26A...314L..21G},
  adsnote = {Provided by the SAO/NASA Astrophysics Data System}
}





@ARTICLE{durouchoux96,
   author = {{Durouchoux}, P. and {Smith}, I.~A. and {Hurley}, K. and {Schultz}, A.~S.~B. and 
	{Waters}, L.~B.~F.~M. and {van Paradijs}, J. and {Wallyn}, P. and 
	{Hjellming}, R.~M. and {Rupen}, M.~P. and {Marti}, J. and {Mirabel}, F. and 
	{Rodriguez}, L.~F.},
    title = "{GRS 1739-278}",
  journal = {\iaucirc},
     year = 1996,
    month = apr,
   volume = 6383,
   adsurl = {http://adsabs.harvard.edu/abs/1996IAUC.6383....1D},
  adsnote = {Provided by the SAO/NASA Astrophysics Data System}
}

@ARTICLE{hjellming96,
   author = {{Hjellming}, R.~M. and {Rupen}, M.~P. and {Marti}, J. and {Mirabel}, F. and 
	{Rodriguez}, L.~F.},
    title = "{GRS 1739-278}",
  journal = {\iaucirc},
     year = 1996,
    month = apr,
   volume = 6383,
   adsurl = {http://adsabs.harvard.edu/abs/1996IAUC.6383....1D},
  adsnote = {Provided by the SAO/NASA Astrophysics Data System}
}

@ARTICLE{mereminskiy16,
   author = {{Mereminskiy}, I. and {Krivonos}, R. and {Grebenev}, S. and 
	{Filippova}, E. and {Sunyaev}, R.},
    title = "{INTEGRAL sees a rising flux from the historical X-ray nova GRS 1739-278}",
  journal = {The Astronomer's Telegram},
 keywords = {Request for Observations, Black Hole, Transient},
     year = 2016,
    month = sep,
   volume = 9517,
   adsurl = {http://adsabs.harvard.edu/abs/2016ATel.9517....1M},
  adsnote = {Provided by the SAO/NASA Astrophysics Data System}
}

@ARTICLE{lebrun03, 
   author = {{Lebrun}, F. and {Leray}, J.~P. and {Lavocat}, P. and {Cr{\'e}tolle}, J. and 
	{Arqu{\`e}s}, M. and {Blondel}, C. and {Bonnin}, C. and {Bou{\`e}re}, A. and 
	{Cara}, C. and {Chaleil}, T. and {Daly}, F. and {Desages}, F. and 
	{Dzitko}, H. and {Horeau}, B. and {Laurent}, P. and {Limousin}, O. and 
	{Mathy}, F. and {Mauguen}, V. and {Meignier}, F. and {Molini{\'e}}, F. and 
	{Poindron}, E. and {Rouger}, M. and {Sauvageon}, A. and {Tourrette}, T.
	},
    title = "{ISGRI: The INTEGRAL Soft Gamma-Ray Imager}",
  journal = {\aap},
   eprint = {astro-ph/0310362},
 keywords = {space telescope, cadmium telluride detectors, gamma-ray astronomy, calibration, INTEGRAL},
     year = 2003,
    month = nov,
   volume = 411,
    pages = {L141-L148},
      doi = {10.1051/0004-6361:20031367},
   adsurl = {http://adsabs.harvard.edu/abs/2003A%26A...411L.141L},
  adsnote = {Provided by the SAO/NASA Astrophysics Data System}
}

@ARTICLE{ubertini03,
   author = {{Ubertini}, P. and {Lebrun}, F. and {Di Cocco}, G. and {Bazzano}, A. and 
	{Bird}, A.~J. and {Broenstad}, K. and {Goldwurm}, A. and {La Rosa}, G. and 
	{Labanti}, C. and {Laurent}, P. and {Mirabel}, I.~F. and {Quadrini}, E.~M. and 
	{Ramsey}, B. and {Reglero}, V. and {Sabau}, L. and {Sacco}, B. and 
	{Staubert}, R. and {Vigroux}, L. and {Weisskopf}, M.~C. and 
	{Zdziarski}, A.~A.},
    title = "{IBIS: The Imager on-board INTEGRAL}",
  journal = {\aap},
 keywords = {INTEGRAL, IBIS, gamma-ray imaging},
     year = 2003,
    month = nov,
   volume = 411,
    pages = {L131-L139},
      doi = {10.1051/0004-6361:20031224},
   adsurl = {http://adsabs.harvard.edu/abs/2003A%26A...411L.131U},
  adsnote = {Provided by the SAO/NASA Astrophysics Data System}
}

@ARTICLE{lund03,
   author = {{Lund}, N. and {Budtz-J{\o}rgensen}, C. and {Westergaard}, N.~J. and 
	{Brandt}, S. and {Rasmussen}, I.~L. and {Hornstrup}, A. and 
	{Oxborrow}, C.~A. and {Chenevez}, J. and {Jensen}, P.~A. and 
	{Laursen}, S. and {Andersen}, K.~H. and {Mogensen}, P.~B. and 
	{Rasmussen}, I. and {Om{\o}}, K. and {Pedersen}, S.~M. and {Polny}, J. and 
	{Andersson}, H. and {Andersson}, T. and {K{\"a}m{\"a}r{\"a}inen}, V. and 
	{Vilhu}, O. and {Huovelin}, J. and {Maisala}, S. and {Morawski}, M. and 
	{Juchnikowski}, G. and {Costa}, E. and {Feroci}, M. and {Rubini}, A. and 
	{Rapisarda}, M. and {Morelli}, E. and {Carassiti}, V. and {Frontera}, F. and 
	{Pelliciari}, C. and {Loffredo}, G. and {Mart{\'{\i}}nez N{\'u}{\~n}ez}, S. and 
	{Reglero}, V. and {Velasco}, T. and {Larsson}, S. and {Svensson}, R. and 
	{Zdziarski}, A.~A. and {Castro-Tirado}, A. and {Attina}, P. and 
	{Goria}, M. and {Giulianelli}, G. and {Cordero}, F. and {Rezazad}, M. and 
	{Schmidt}, M. and {Carli}, R. and {Gomez}, C. and {Jensen}, P.~L. and 
	{Sarri}, G. and {Tiemon}, A. and {Orr}, A. and {Much}, R. and 
	{Kretschmar}, P. and {Schnopper}, H.~W.},
    title = "{JEM-X: The X-ray monitor aboard INTEGRAL}",
  journal = {A\&A},
 keywords = {instrumentation: detectors, X-rays: general},
     year = 2003,
    month = nov,
   volume = 411,
    pages = {L231-L238},
      doi = {10.1051/0004-6361:20031358},
   adsurl = {http://adsabs.harvard.edu/abs/2003A%26A...411L.231L},
  adsnote = {Provided by the SAO/NASA Astrophysics Data System}
}


@ARTICLE{courvoisier2003,
   author = {{Courvoisier}, T.~J.-L. and {Walter}, R. and {Beckmann}, V. and 
	{Dean}, A.~J. and {Dubath}, P. and {Hudec}, R. and {Kretschmar}, P. and 
	{Mereghetti}, S. and {Montmerle}, T. and {Mowlavi}, N. and {Paltani}, S. and 
	{Preite Martinez}, A. and {Produit}, N. and {Staubert}, R. and 
	{Strong}, A.~W. and {Swings}, J.-P. and {Westergaard}, N.~J. and 
	{White}, N. and {Winkler}, C. and {Zdziarski}, A.~A.},
    title = "{The INTEGRAL Science Data Centre (ISDC)}",
  journal = {\aap},
   eprint = {astro-ph/0308047},
 keywords = {methods: data analysis, gamma rays: observations},
     year = 2003,
    month = nov,
   volume = 411,
    pages = {L53-L57},
      doi = {10.1051/0004-6361:20031172},
   adsurl = {http://adsabs.harvard.edu/abs/2003A%26A...411L..53C},
  adsnote = {Provided by the SAO/NASA Astrophysics Data System}
}



@ARTICLE{burrows05,
   author = {{Burrows}, D.~N. and {Hill}, J.~E. and {Nousek}, J.~A. and {Kennea}, J.~A. and 
	{Wells}, A. and {Osborne}, J.~P. and {Abbey}, A.~F. and {Beardmore}, A. and 
	{Mukerjee}, K. and {Short}, A.~D.~T. and {Chincarini}, G. and 
	{Campana}, S. and {Citterio}, O. and {Moretti}, A. and {Pagani}, C. and 
	{Tagliaferri}, G. and {Giommi}, P. and {Capalbi}, M. and {Tamburelli}, F. and 
	{Angelini}, L. and {Cusumano}, G. and {Br{\"a}uninger}, H.~W. and 
	{Burkert}, W. and {Hartner}, G.~D.},
    title = "{The Swift X-Ray Telescope}",
  journal = {\ssr},
   eprint = {astro-ph/0508071},
 keywords = {gamma-ray burst, X-ray telescope, Swift, X-ray instrumentation, X-ray CCD detector, X-ray mirrors, {$\gamma$}-ray burst},
     year = 2005,
    month = oct,
   volume = 120,
    pages = {165-195},
      doi = {10.1007/s11214-005-5097-2},
   adsurl = {http://adsabs.harvard.edu/abs/2005SSRv..120..165B},
  adsnote = {Provided by the SAO/NASA Astrophysics Data System}
}

@ARTICLE{fender04,
   author = {{������}, �.~�. � {�������}, �.~�. � {�����}, �.},
    title = "{Towards a unified model for black hole X-ray binary jets}",
  journal = {MNRAS},
   eprint = {arXiv:astro-ph/0409360},
 keywords = {accretion, accretion discs, black hole physics, ISM: jets and outflows, X-rays: binaries},
     year = 2004,
    month = dec,
   volume = 355,
    pages = {1105-1118},
      doi = {10.1111/j.1365-2966.2004.08384.x},
   adsurl = {http://adsabs.harvard.edu/abs/2004MNRAS.355.1105F},
  adsnote = {Provided by the SAO/NASA Astrophysics Data System}
}


@ARTICLE{homan05,
   author = {{Homan}, J. and {Belloni}, T.},
    title = "{The Evolution of Black Hole States}",
  journal = {\apss},
   eprint = {astro-ph/0412597},
 keywords = {accretion, accretion disks, black hole physics, X-rays: stars, X-rays: binaries},
     year = 2005,
    month = nov,
   volume = 300,
    pages = {107-117},
      doi = {10.1007/s10509-005-1197-4},
   adsurl = {http://adsabs.harvard.edu/abs/2005Ap%26SS.300..107H},
  adsnote = {Provided by the SAO/NASA Astrophysics Data System}
}

@ARTICLE{krivonos12,
   author = {{Krivonos}, R. and {Tsygankov}, S. and {Lutovinov}, A. and {Revnivtsev}, M. and 
	{Churazov}, E. and {Sunyaev}, R.},
    title = "{INTEGRAL/IBIS nine-year Galactic hard X-ray survey}",
  journal = {A\&A},
archivePrefix = "arXiv",
   eprint = {1205.3941},
 primaryClass = "astro-ph.IM",
 keywords = {surveys, X-rays: general, catalogs},
     year = 2012,
    month = sep,
   volume = 545,
      eid = {A27},
    pages = {A27},
      doi = {10.1051/0004-6361/201219617},
   adsurl = {http://adsabs.harvard.edu/abs/2012A%26A...545A..27K},
  adsnote = {Provided by the SAO/NASA Astrophysics Data System}
}

@ARTICLE{grebenev15,
   author = {{Grebenev}, S.~A. and {Mereminskiy}, I.~A.},
    title = "{JEM-X/INTEGRAL X-ray survey of the galactic center region}",
  journal = {Astronomy Letters},
 keywords = {X-ray sources, transients, luminosity function},
     year = 2015,
    month = dec,
   volume = 41,
    pages = {765-784},
      doi = {10.1134/S1063773715120038},
   adsurl = {http://adsabs.harvard.edu/abs/2015AstL...41..765G},
  adsnote = {Provided by the SAO/NASA Astrophysics Data System}
}


@ARTICLE{krimm14_atel,
   author = {{Krimm}, H.~A. and {Barthelmy}, S.~D. and {Baumgartner}, W. and 
	{Cummings}, J. and {Gehrels}, N. and {Lien}, A.~Y. and {Markwardt}, C.~B. and 
	{Palmer}, D. and {Sakamoto}, T. and {Stamatikos}, M. and {Ukwatta}, T.
	},
    title = "{Swift/BAT detects an outburst from the X-ray nova and black hole candidate GRS 1739-278}",
  journal = {The Astronomer's Telegram},
 keywords = {X-ray, Binary, Black Hole, Transient},
     year = 2014,
    month = mar,
   volume = 5986,
   adsurl = {http://adsabs.harvard.edu/abs/2014ATel.5986....1K},
  adsnote = {Provided by the SAO/NASA Astrophysics Data System}
}


@ARTICLE{miller15_nust,
   author = {{Miller}, J.~M. and {Tomsick}, J.~A. and {Bachetti}, M. and 
	{Wilkins}, D. and {Boggs}, S.~E. and {Christensen}, F.~E. and 
	{Craig}, W.~W. and {Fabian}, A.~C. and {Grefenstette}, B.~W. and 
	{Hailey}, C.~J. and {Harrison}, F.~A. and {Kara}, E. and {King}, A.~L. and 
	{Stern}, D.~K. and {Zhang}, W.~W.},
    title = "{New Constraints on the Black Hole Low/Hard State Inner Accretion Flow with NuSTAR}",
  journal = {\apjl},
archivePrefix = "arXiv",
   eprint = {1411.1921},
 primaryClass = "astro-ph.HE",
 keywords = {accretion, accretion disks, black hole physics},
     year = 2015,
    month = jan,
   volume = 799,
      eid = {L6},
    pages = {L6},
      doi = {10.1088/2041-8205/799/1/L6},
   adsurl = {http://adsabs.harvard.edu/abs/2015ApJ...799L...6M},
  adsnote = {Provided by the SAO/NASA Astrophysics Data System}
}

@ARTICLE{evans09,
   author = {{Evans}, P.~A. and {Beardmore}, A.~P. and {Page}, K.~L. and 
	{Osborne}, J.~P. and {O'Brien}, P.~T. and {Willingale}, R. and 
	{Starling}, R.~L.~C. and {Burrows}, D.~N. and {Godet}, O. and 
	{Vetere}, L. and {Racusin}, J. and {Goad}, M.~R. and {Wiersema}, K. and 
	{Angelini}, L. and {Capalbi}, M. and {Chincarini}, G. and {Gehrels}, N. and 
	{Kennea}, J.~A. and {Margutti}, R. and {Morris}, D.~C. and {Mountford}, C.~J. and 
	{Pagani}, C. and {Perri}, M. and {Romano}, P. and {Tanvir}, N.
	},
    title = "{Methods and results of an automatic analysis of a complete sample of Swift-XRT observations of GRBs}",
  journal = {\mnras},
archivePrefix = "arXiv",
   eprint = {0812.3662},
 keywords = {methods: data analysis , catalogues , gamma-rays: bursts},
     year = 2009,
    month = aug,
   volume = 397,
    pages = {1177-1201},
      doi = {10.1111/j.1365-2966.2009.14913.x},
   adsurl = {http://adsabs.harvard.edu/abs/2009MNRAS.397.1177E},
  adsnote = {Provided by the SAO/NASA Astrophysics Data System}
}

@ARTICLE{churazov14,
   author = {{Churazov}, E. and {Sunyaev}, R. and {Isern}, J. and {Kn{\"o}dlseder}, J. and 
	{Jean}, P. and {Lebrun}, F. and {Chugai}, N. and {��������}, S. and 
	{Bravo}, E. and {Sazonov}, S. and {Renaud}, M.},
    title = "{Cobalt-56 {$\gamma$}-ray emission lines from the type Ia supernova 2014J}",
  journal = {Nature},
archivePrefix = "arXiv",
   eprint = {1405.3332},
 primaryClass = "astro-ph.HE",
     year = 2014,
    month = aug,
   volume = 512,
    pages = {406-408},
      doi = {10.1038/nature13672},
   adsurl = {http://adsabs.harvard.edu/abs/2014Natur.512..406C},
  adsnote = {Provided by the SAO/NASA Astrophysics Data System}
}

@ARTICLE{kuulkers07_gbm,
   author = {{Kuulkers}, E. and {Shaw}, S.~E. and {Paizis}, A. and {Chenevez}, J. and 
	{Brandt}, S. and {Courvoisier}, T.~J.-L. and {Domingo}, A. and 
	{Ebisawa}, K. and {Kretschmar}, P. and {Markwardt}, C.~B. and 
	{Mowlavi}, N. and {Oosterbroek}, T. and {Orr}, A. and {R{\'{\i}}squez}, D. and 
	{Sanchez-Fernandez}, C. and {Wijnands}, R.},
    title = "{The INTEGRAL Galactic bulge monitoring program: the first 1.5 years}",
  journal = {\aap},
   eprint = {astro-ph/0701244},
 keywords = {accretion, accretion disks, binaries: close, binaries: general, stars: neutron, Galaxy: bulge, X-rays: binaries},
     year = 2007,
    month = may,
   volume = 466,
    pages = {595-618},
      doi = {10.1051/0004-6361:20066651},
   adsurl = {http://cdsads.u-strasbg.fr/abs/2007A%26A...466..595K},
  adsnote = {Provided by the SAO/NASA Astrophysics Data System}
}


@INPROCEEDINGS{arnaud96,
   author = {{Arnaud}, K.~A.},
    title = "{XSPEC: The First Ten Years}",
booktitle = {Astronomical Data Analysis Software and Systems V},
     year = 1996,
   series = {Astronomical Society of the Pacific Conference Series},
   volume = 101,
   editor = {{Jacoby}, G.~H. and {Barnes}, J.},
    pages = {17},
   adsurl = {http://adsabs.harvard.edu/abs/1996ASPC..101...17A},
  adsnote = {Provided by the SAO/NASA Astrophysics Data System}
}

@ARTICLE{fuerst16,
   author = {{Fuerst}, F. and {Tomsick}, J.~A. and {Yamaoka}, K. and {Dauser}, T. and 
	{Miller}, J.~M. and {Clavel}, M. and {Corbel}, S. and {Fabian}, A.~C. and 
	{Garcia}, J. and {Harrison}, F.~A. and {Loh}, A. and {Kaaret}, P. and 
	{Kalemci}, E. and {Migliari}, S. and {Miller-Jones}, J.~C.~A. and 
	{Pottschmidt}, K. and {Rahoui}, F. and {Rodriguez}, J. and {Stern}, D. and 
	{Stuhlinger}, M. and {Walton}, D.~J. and {Wilms}, J.},
    title = "{GRS 1739-278 observed at very low luminosity with XMM-Newton and NuSTAR}",
  journal = {ArXiv e-prints},
archivePrefix = "arXiv",
   eprint = {1609.07530},
 primaryClass = "astro-ph.HE",
 keywords = {Astrophysics - High Energy Astrophysical Phenomena},
     year = 2016,
    month = sep,
   adsurl = {http://adsabs.harvard.edu/abs/2016arXiv160907530F},
  adsnote = {Provided by the SAO/NASA Astrophysics Data System}
}

@ARTICLE{krivonos10,
   author = {{Krivonos}, R. and {Revnivtsev}, M. and {Tsygankov}, S. and 
	{Sazonov}, S. and {Vikhlinin}, A. and {Pavlinsky}, M. and {Churazov}, E. and 
	{Sunyaev}, R.},
    title = "{INTEGRAL/IBIS 7-year All-Sky Hard X-ray Survey. I. Image reconstruction}",
  journal = {\aap},
archivePrefix = "arXiv",
   eprint = {1006.2463},
 primaryClass = "astro-ph.IM",
 keywords = {methods: data analysis, methods: observational, techniques: image processing, surveys, X-rays: general, Galaxy: general},
     year = 2010,
    month = sep,
   volume = 519,
      eid = {A107},
    pages = {A107},
      doi = {10.1051/0004-6361/200913814},
   adsurl = {http://adsabs.harvard.edu/abs/2010A%26A...519A.107K},
  adsnote = {Provided by the SAO/NASA Astrophysics Data System}
}

@ARTICLE{marti97,
   author = {{Marti}, J. and {Mirabel}, I.~F. and {Duc}, P.-A. and {Rodriguez}, L.~F.
	},
    title = "{A candidate optical and infrared counterpart for GRS 1739-278.}",
  journal = {\aap},
 keywords = {X-RAYS: STARS, INFRARED: STARS, RADIO CONTINUUM: STARS, STARS: INDIVIDUAL: GRS 1739-278 (GRANAT 1739-278)},
     year = 1997,
    month = jul,
   volume = 323,
    pages = {158-162},
   adsurl = {http://adsabs.harvard.edu/abs/1997A%26A...323..158M},
  adsnote = {Provided by the SAO/NASA Astrophysics Data System}
}


@ARTICLE{grebenev93,
   author = {{Grebenev}, S. and {Sunyaev}, R. and {Pavlinsky}, M. and {Churazov}, E. and 
	{Gilfanov}, M. and {Dyachkov}, A. and {Khavenson}, N. and {Sukhanov}, K. and 
	{Laurent}, P. and {Ballet}, J. and {Claret}, A. and {Cordier}, B. and 
	{Jourdain}, E. and {Niel}, M. and {Pelaez}, F. and {Schmitz-Fraysse}, M.~C.
	},
    title = "{Observations of black hole candidates with GRANAT}",
  journal = {\aaps},
 keywords = {Black Holes (Astronomy), Spaceborne Astronomy, X Ray Spectra, Astronomical Spectroscopy, Gamma Ray Spectra, Light Curve, Power Spectra, Variability},
     year = 1993,
    month = jan,
   volume = 97,
    pages = {281-287},
   adsurl = {http://adsabs.harvard.edu/abs/1993A%26AS...97..281G},
  adsnote = {Provided by the SAO/NASA Astrophysics Data System}
}

@ARTICLE{remillard06,
   author = {{Remillard}, R.~A. and {McClintock}, J.~E.},
    title = "{X-Ray Properties of Black-Hole Binaries}",
  journal = {\araa},
   eprint = {astro-ph/0606352},
     year = 2006,
    month = sep,
   volume = 44,
    pages = {49-92},
      doi = {10.1146/annurev.astro.44.051905.092532},
   adsurl = {http://adsabs.harvard.edu/abs/2006ARA%26A..44...49R},
  adsnote = {Provided by the SAO/NASA Astrophysics Data System}
}

@ARTICLE{krivonos12antic,
   author = {{Krivonos}, R. and {Tsygankov}, S. and {Revnivtsev}, M. and 
	{Sazonov}, S. and {Churazov}, E. and {Sunyaev}, R.},
    title = "{INTEGRAL constraints on the Galactic hard X-ray background from the Milky Way anticenter}",
  journal = {\aap},
archivePrefix = "arXiv",
   eprint = {1109.2471},
 primaryClass = "astro-ph.GA",
 keywords = {Galaxy: structure, X-rays: diffuse background},
     year = 2012,
    month = jan,
   volume = 537,
      eid = {A92},
    pages = {A92},
      doi = {10.1051/0004-6361/201118053},
   adsurl = {http://adsabs.harvard.edu/abs/2012A%26A...537A..92K},
  adsnote = {Provided by the SAO/NASA Astrophysics Data System}
}

@ARTICLE{tanaka96,
   author = {{Tanaka}, Y. and {Shibazaki}, N.},
    title = "{X-ray Novae}",
  journal = {\araa},
     year = 1996,
   volume = 34,
    pages = {607-644},
      doi = {10.1146/annurev.astro.34.1.607},
   adsurl = {http://adsabs.harvard.edu/abs/1996ARA%26A..34..607T},
  adsnote = {Provided by the SAO/NASA Astrophysics Data System}
}

@ARTICLE{revnivtsev04,
   author = {{Revnivtsev}, M.~G. and {Sunyaev}, R.~A. and {Varshalovich}, D.~A. and 
	{Zheleznyakov}, V.~V. and {Cherepashchuk}, A.~M. and {Lutovinov}, A.~A. and 
	{Churazov}, E.~M. and {Grebenev}, S.~A. and {Gilfanov}, M.~R.
	},
    title = "{A Hard X-ray Survey of the Galactic-Center Region with the IBIS Telescope of the INTEGRAL Observatory: A Catalog of Sources}",
  journal = {Astronomy Letters},
   eprint = {astro-ph/0402027},
     year = 2004,
    month = jun,
   volume = 30,
    pages = {382-389},
      doi = {10.1134/1.1764884},
   adsurl = {http://adsabs.harvard.edu/abs/2004AstL...30..382R},
  adsnote = {Provided by the SAO/NASA Astrophysics Data System}
}

@ARTICLE{neilsen16,
   author = {{Neilsen}, J. and {Motta}, S. and {Ponti}, G. and {Coriat}, M. and 
	{Fender}, R. and {Corbel}, S.},
    title = "{Swift Observations of GRS 1739-278 in Outburst}",
  journal = {The Astronomer's Telegram},
 keywords = {Request for Observations, Black Hole, Transient},
     year = 2016,
    month = sep,
   volume = 9541,
   adsurl = {http://adsabs.harvard.edu/abs/2016ATel.9541....1N},
  adsnote = {Provided by the SAO/NASA Astrophysics Data System}
}
@ARTICLE{grebenev97,
   author = {{Grebenev}, S.~A. and {Sunyaev}, R.~A. and {Pavlinsky}, M.~N.
	},
    title = "{Spectral states of galactic black hole candidates: results of observations with ART-P/Granat}",
  journal = {Advances in Space Research},
     year = 1997,
    month = may,
   volume = 19,
    pages = {15-23},
      doi = {10.1016/S0273-1177(97)00031-8},
   adsurl = {http://adsabs.harvard.edu/abs/1997AdSpR..19...15G},
  adsnote = {Provided by the SAO/NASA Astrophysics Data System}
}

@ARTICLE{grebenev13,
   author = {{Grebenev}, S.~A. and {Prosvetov}, A.~V. and {Sunyaev}, R.~A.
	},
    title = "{Second outburst of the black hole candidate MAXI J1836-194 from SWIFT and INTEGRAL observations}",
  journal = {Astronomy Letters},
 keywords = {X-ray sources, transients, black holes},
     year = 2013,
    month = jun,
   volume = 39,
    pages = {367-374},
      doi = {10.1134/S1063773713060054},
   adsurl = {http://adsabs.harvard.edu/abs/2013AstL...39..367G},
  adsnote = {Provided by the SAO/NASA Astrophysics Data System}
}

@ARTICLE{grebenev14,
   author = {{Grebenev}, S.~A. and {Prosvetov}, A.~V. and {Burenin}, R.~A.
	},
    title = "{Broadband spectrum of the X-ray nova SWIFT J174510.8-262411 at the decaying phase of its outburst}",
  journal = {Astronomy Letters},
 keywords = {X-ray sources, transients, black holes, spectral states, disk accretion},
     year = 2014,
    month = apr,
   volume = 40,
    pages = {171-176},
      doi = {10.1134/S106377371404001X},
   adsurl = {http://adsabs.harvard.edu/abs/2014AstL...40..171G},
  adsnote = {Provided by the SAO/NASA Astrophysics Data System}
}

@ARTICLE{grebenev16,
   author = {{Grebenev}, S.~A. and {Prosvetov}, A.~V. and {Burenin}, R.~A. and 
	{Krivonos}, R.~A. and {Mescheryakov}, A.~V.},
    title = "{X-ray nova MAXI J1828-249. Evolution of the broadband spectrum during its 2013-2014 outburst}",
  journal = {Astronomy Letters},
archivePrefix = "arXiv",
   eprint = {1604.00158},
 primaryClass = "astro-ph.HE",
 keywords = {X-ray sources, transients, black holes},
     year = 2016,
    month = feb,
   volume = 42,
    pages = {69-81},
      doi = {10.1134/S1063773716020031},
   adsurl = {http://adsabs.harvard.edu/abs/2016AstL...42...69G},
  adsnote = {Provided by the SAO/NASA Astrophysics Data System}
}


@ARTICLE{russel06,
   author = {{Russell}, D.~M. and {Fender}, R.~P. and {Hynes}, R.~I. and 
	{Brocksopp}, C. and {Homan}, J. and {Jonker}, P.~G. and {Buxton}, M.~M.
	},
    title = "{Global optical/infrared-X-ray correlations in X-ray binaries: quantifying disc and jet contributions}",
  journal = {\mnras},
   eprint = {astro-ph/0606721},
 keywords = {accretion, accretion discs: black hole physics: ISM: jets and outflows: X-rays: binaries, accretion discs, black hole physics, ISM: jets and outflows, X-rays: binaries},
     year = 2006,
    month = sep,
   volume = 371,
    pages = {1334-1350},
      doi = {10.1111/j.1365-2966.2006.10756.x},
   adsurl = {http://adsabs.harvard.edu/abs/2006MNRAS.371.1334R},
  adsnote = {Provided by the SAO/NASA Astrophysics Data System}
}

@ARTICLE{matsuoka09,
   author = {{Matsuoka}, M. and {Kawasaki}, K. and {Ueno}, S. and {Tomida}, H. and 
	{Kohama}, M. and {Suzuki}, M. and {Adachi}, Y. and {Ishikawa}, M. and 
	{Mihara}, T. and {Sugizaki}, M. and {Isobe}, N. and {Nakagawa}, Y. and 
	{Tsunemi}, H. and {Miyata}, E. and {Kawai}, N. and {Kataoka}, J. and 
	{Morii}, M. and {Yoshida}, A. and {Negoro}, H. and {Nakajima}, M. and 
	{Ueda}, Y. and {Chujo}, H. and {Yamaoka}, K. and {Yamazaki}, O. and 
	{Nakahira}, S. and {You}, T. and {Ishiwata}, R. and {Miyoshi}, S. and 
	{Eguchi}, S. and {Hiroi}, K. and {Katayama}, H. and {Ebisawa}, K.
	},
    title = "{The MAXI Mission on the ISS: Science and Instruments for Monitoring All-Sky X-Ray Images}",
  journal = {\pasj},
archivePrefix = "arXiv",
   eprint = {0906.0631},
 primaryClass = "astro-ph.IM",
 keywords = {catalogs: X-ray source catalogue, instrumentation: All Sky Monitor (ASM), stars: X-ray novae, stars: X-ray transients, X-ray: AGN, X-ray: GRB},
     year = 2009,
    month = oct,
   volume = 61,
    pages = {999-1010},
      doi = {10.1093/pasj/61.5.999},
   adsurl = {http://adsabs.harvard.edu/abs/2009PASJ...61..999M},
  adsnote = {Provided by the SAO/NASA Astrophysics Data System}
}


@ARTICLE{gehrels04bat,
   author = {{Gehrels}, N. and {Chincarini}, G. and {Giommi}, P. and {Mason}, K.~O. and 
	{Nousek}, J.~A. and {Wells}, A.~A. and {White}, N.~E. and {Barthelmy}, S.~D. and 
	{Burrows}, D.~N. and {Cominsky}, L.~R. and {Hurley}, K.~C. and 
	{Marshall}, F.~E. and {M{\'e}sz{\'a}ros}, P. and {Roming}, P.~W.~A. and 
	{Angelini}, L. and {Barbier}, L.~M. and {Belloni}, T. and {Campana}, S. and 
	{Caraveo}, P.~A. and {Chester}, M.~M. and {Citterio}, O. and 
	{Cline}, T.~L. and {Cropper}, M.~S. and {Cummings}, J.~R. and 
	{Dean}, A.~J. and {Feigelson}, E.~D. and {Fenimore}, E.~E. and 
	{Frail}, D.~A. and {Fruchter}, A.~S. and {Garmire}, G.~P. and 
	{Gendreau}, K. and {Ghisellini}, G. and {Greiner}, J. and {Hill}, J.~E. and 
	{Hunsberger}, S.~D. and {Krimm}, H.~A. and {Kulkarni}, S.~R. and 
	{Kumar}, P. and {Lebrun}, F. and {Lloyd-Ronning}, N.~M. and 
	{Markwardt}, C.~B. and {Mattson}, B.~J. and {Mushotzky}, R.~F. and 
	{Norris}, J.~P. and {Osborne}, J. and {Paczynski}, B. and {Palmer}, D.~M. and 
	{Park}, H.-S. and {Parsons}, A.~M. and {Paul}, J. and {Rees}, M.~J. and 
	{Reynolds}, C.~S. and {Rhoads}, J.~E. and {Sasseen}, T.~P. and 
	{Schaefer}, B.~E. and {Short}, A.~T. and {Smale}, A.~P. and 
	{Smith}, I.~A. and {Stella}, L. and {Tagliaferri}, G. and {Takahashi}, T. and 
	{Tashiro}, M. and {Townsley}, L.~K. and {Tueller}, J. and {Turner}, M.~J.~L. and 
	{Vietri}, M. and {Voges}, W. and {Ward}, M.~J. and {Willingale}, R. and 
	{Zerbi}, F.~M. and {Zhang}, W.~W.},
    title = "{The Swift Gamma-Ray Burst Mission}",
  journal = {\apj},
 keywords = {Gamma Rays: Bursts, Space Vehicles: Instruments, Telescopes},
     year = 2004,
    month = aug,
   volume = 611,
    pages = {1005-1020},
      doi = {10.1086/422091},
   adsurl = {http://adsabs.harvard.edu/abs/2004ApJ...611.1005G},
  adsnote = {Provided by the SAO/NASA Astrophysics Data System}
}

@ARTICLE{winkler03,
   author = {{Winkler}, C. and {Courvoisier}, T.~J.-L. and {Di Cocco}, G. and 
	{Gehrels}, N. and {Gim{\'e}nez}, A. and {Grebenev}, S. and {Hermsen}, W. and 
	{Mas-Hesse}, J.~M. and {Lebrun}, F. and {Lund}, N. and {Palumbo}, G.~G.~C. and 
	{Paul}, J. and {Roques}, J.-P. and {Schnopper}, H. and {Sch{\"o}nfelder}, V. and 
	{Sunyaev}, R. and {Teegarden}, B. and {Ubertini}, P. and {Vedrenne}, G. and 
	{Dean}, A.~J.},
    title = "{The INTEGRAL mission}",
  journal = {\aap},
 keywords = {gamma-ray astronomy, space observatory},
     year = 2003,
    month = nov,
   volume = 411,
    pages = {L1-L6},
      doi = {10.1051/0004-6361:20031288},
   adsurl = {http://adsabs.harvard.edu/abs/2003A%26A...411L...1W},
  adsnote = {Provided by the SAO/NASA Astrophysics Data System}
}


@ARTICLE{dauser16,
   author = {{Dauser}, T. and {Garc{\'{\i}}a}, J. and {Walton}, D.~J. and 
	{Eikmann}, W. and {Kallman}, T. and {McClintock}, J. and {Wilms}, J.},
    title = "{Normalizing a relativistic model of X-ray reflection. Definition of the reflection fraction and its implementation in relxill}",
  journal = {\aap},
archivePrefix = "arXiv",
   eprint = {1601.03771},
 primaryClass = "astro-ph.HE",
 keywords = {accretion, accretion disks, line: profiles, galaxies: active, X-rays: galaxies},
     year = 2016,
    month = may,
   volume = 590,
      eid = {A76},
    pages = {A76},
      doi = {10.1051/0004-6361/201628135},
   adsurl = {http://adsabs.harvard.edu/abs/2016A%26A...590A..76D},
  adsnote = {Provided by the SAO/NASA Astrophysics Data System}
}

@ARTICLE{dauser14,
   author = {{Dauser}, T. and {Garc{\'{\i}}a}, J. and {Parker}, M.~L. and 
	{Fabian}, A.~C. and {Wilms}, J.},
    title = "{The role of the reflection fraction in constraining black hole spin}",
  journal = {\mnras},
archivePrefix = "arXiv",
   eprint = {1408.2347},
 primaryClass = "astro-ph.HE",
 keywords = {accretion, accretion discs, black hole physics, line: profiles, galaxies: active, galaxies: nuclei},
     year = 2014,
    month = oct,
   volume = 444,
    pages = {L100-L104},
      doi = {10.1093/mnrasl/slu125},
   adsurl = {http://adsabs.harvard.edu/abs/2014MNRAS.444L.100D},
  adsnote = {Provided by the SAO/NASA Astrophysics Data System}
}

@ARTICLE{harrison13_nust,
   author = {{Harrison}, F.~A. and {Craig}, W.~W. and {Christensen}, F.~E. and 
	{Hailey}, C.~J. and {Zhang}, W.~W. and {Boggs}, S.~E. and {Stern}, D. and 
	{Cook}, W.~R. and {Forster}, K. and {Giommi}, P. and {Grefenstette}, B.~W. and 
	{Kim}, Y. and {Kitaguchi}, T. and {Koglin}, J.~E. and {Madsen}, K.~K. and 
	{Mao}, P.~H. and {Miyasaka}, H. and {Mori}, K. and {Perri}, M. and 
	{Pivovaroff}, M.~J. and {Puccetti}, S. and {Rana}, V.~R. and 
	{Westergaard}, N.~J. and {Willis}, J. and {Zoglauer}, A. and 
	{An}, H. and {Bachetti}, M. and {Barri{\`e}re}, N.~M. and {Bellm}, E.~C. and 
	{Bhalerao}, V. and {Brejnholt}, N.~F. and {Fuerst}, F. and {Liebe}, C.~C. and 
	{Markwardt}, C.~B. and {Nynka}, M. and {Vogel}, J.~K. and {Walton}, D.~J. and 
	{Wik}, D.~R. and {Alexander}, D.~M. and {Cominsky}, L.~R. and 
	{Hornschemeier}, A.~E. and {Hornstrup}, A. and {Kaspi}, V.~M. and 
	{Madejski}, G.~M. and {Matt}, G. and {Molendi}, S. and {Smith}, D.~M. and 
	{Tomsick}, J.~A. and {Ajello}, M. and {Ballantyne}, D.~R. and 
	{Balokovi{\'c}}, M. and {Barret}, D. and {Bauer}, F.~E. and 
	{Blandford}, R.~D. and {Brandt}, W.~N. and {Brenneman}, L.~W. and 
	{Chiang}, J. and {Chakrabarty}, D. and {Chenevez}, J. and {Comastri}, A. and 
	{Dufour}, F. and {Elvis}, M. and {Fabian}, A.~C. and {Farrah}, D. and 
	{Fryer}, C.~L. and {Gotthelf}, E.~V. and {Grindlay}, J.~E. and 
	{Helfand}, D.~J. and {Krivonos}, R. and {Meier}, D.~L. and {Miller}, J.~M. and 
	{Natalucci}, L. and {Ogle}, P. and {Ofek}, E.~O. and {Ptak}, A. and 
	{Reynolds}, S.~P. and {Rigby}, J.~R. and {Tagliaferri}, G. and 
	{Thorsett}, S.~E. and {Treister}, E. and {Urry}, C.~M.},
    title = "{The Nuclear Spectroscopic Telescope Array (NuSTAR) High-energy X-Ray Mission}",
  journal = {\apj},
archivePrefix = "arXiv",
   eprint = {1301.7307},
 primaryClass = "astro-ph.IM",
 keywords = {space vehicles: instruments, X-rays: general },
     year = 2013,
    month = jun,
   volume = 770,
      eid = {103},
    pages = {103},
      doi = {10.1088/0004-637X/770/2/103},
   adsurl = {http://adsabs.harvard.edu/abs/2013ApJ...770..103H},
  adsnote = {Provided by the SAO/NASA Astrophysics Data System}
}

@ARTICLE{wilms00,
   author = {{Wilms}, J. and {Allen}, A. and {McCray}, R.},
    title = "{On the Absorption of X-Rays in the Interstellar Medium}",
  journal = {\apj},
   eprint = {astro-ph/0008425},
 keywords = {Atomic Data, ISM: Dust, Extinction, ISM: Abundances, X-Rays: ISM},
     year = 2000,
    month = oct,
   volume = 542,
    pages = {914-924},
      doi = {10.1086/317016},
   adsurl = {http://adsabs.harvard.edu/abs/2000ApJ...542..914W},
  adsnote = {Provided by the SAO/NASA Astrophysics Data System}
}


@ARTICLE{verner96,
   author = {{Verner}, D.~A. and {Ferland}, G.~J. and {Korista}, K.~T. and 
	{Yakovlev}, D.~G.},
    title = "{Atomic Data for Astrophysics. II. New Analytic FITS for Photoionization Cross Sections of Atoms and Ions}",
  journal = {\apj},
   eprint = {astro-ph/9601009},
 keywords = {ATOMIC DATA, ATOMIC PROCESSES},
     year = 1996,
    month = jul,
   volume = 465,
    pages = {487},
      doi = {10.1086/177435},
   adsurl = {http://adsabs.harvard.edu/abs/1996ApJ...465..487V},
  adsnote = {Provided by the SAO/NASA Astrophysics Data System}
}


@ARTICLE{krimm13bat,
   author = {{Krimm}, H.~A. and {Holland}, S.~T. and {Corbet}, R.~H.~D. and 
	{Pearlman}, A.~B. and {Romano}, P. and {Kennea}, J.~A. and {Bloom}, J.~S. and 
	{Barthelmy}, S.~D. and {Baumgartner}, W.~H. and {Cummings}, J.~R. and 
	{Gehrels}, N. and {Lien}, A.~Y. and {Markwardt}, C.~B. and {Palmer}, D.~M. and 
	{Sakamoto}, T. and {Stamatikos}, M. and {Ukwatta}, T.~N.},
    title = "{The Swift/BAT Hard X-Ray Transient Monitor}",
  journal = {\apjs},
archivePrefix = "arXiv",
   eprint = {1309.0755},
 primaryClass = "astro-ph.HE",
 keywords = {black hole physics, pulsars: general, surveys, X-rays: binaries, X-rays: general },
     year = 2013,
    month = nov,
   volume = 209,
      eid = {14},
    pages = {14},
      doi = {10.1088/0067-0049/209/1/14},
   adsurl = {http://adsabs.harvard.edu/abs/2013ApJS..209...14K},
  adsnote = {Provided by the SAO/NASA Astrophysics Data System}
}


@ARTICLE{matsuoka13maxi,
   author = {{Matsuoka}, M. and {Kawasaki}, K. and {Ueno}, S. and {Tomida}, H. and 
	{Kohama}, M. and {Suzuki}, M. and {Adachi}, Y. and {Ishikawa}, M. and 
	{Mihara}, T. and {Sugizaki}, M. and {Isobe}, N. and {Nakagawa}, Y. and 
	{Tsunemi}, H. and {Miyata}, E. and {Kawai}, N. and {Kataoka}, J. and 
	{Morii}, M. and {Yoshida}, A. and {Negoro}, H. and {Nakajima}, M. and 
	{Ueda}, Y. and {Chujo}, H. and {Yamaoka}, K. and {Yamazaki}, O. and 
	{Nakahira}, S. and {You}, T. and {Ishiwata}, R. and {Miyoshi}, S. and 
	{Eguchi}, S. and {Hiroi}, K. and {Katayama}, H. and {Ebisawa}, K.
	},
    title = "{The MAXI Mission on the ISS: Science and Instruments for Monitoring All-Sky X-Ray Images}",
  journal = {\pasj},
archivePrefix = "arXiv",
   eprint = {0906.0631},
 primaryClass = "astro-ph.IM",
 keywords = {catalogs: X-ray source catalogue, instrumentation: All Sky Monitor (ASM), stars: X-ray novae, stars: X-ray transients, X-ray: AGN, X-ray: GRB},
     year = 2009,
    month = oct,
   volume = 61,
    pages = {999-1010},
      doi = {10.1093/pasj/61.5.999},
   adsurl = {http://ads.nao.ac.jp/abs/2009PASJ...61..999M},
  adsnote = {Provided by the SAO/NASA Astrophysics Data System}
}

@article{garcia14,
  author = {\textbf{Garc{\'{\i}}a}, J. and {Dauser}, T. and {Lohfink}, A. and {Kallman}, T.~R. and 
	{Steiner}, J.~F. and {McClintock}, J.~E. and {Brenneman}, L. and 
	{Wilms}, J. and {Eikmann}, W. and {Reynolds}, C.~S. and {Tombesi}, F.
	},
  title = {{Improved Reflection Models of Black Hole Accretion Disks: Treating the Angular Distribution of X-Rays}},
  journal = {\apj},
  archiveprefix = {arXiv},
  eprint = {1312.3231},
  primaryclass = {astro-ph.HE},
  keywords = {accretion, accretion disks, black hole physics, galaxies: individual: Ark 120, line: formation, radiative transfer, X-rays: general },
  year = 2014,
  month = feb,
  volume = 782,
  eid = {76},
  pages = {76},
  doi = {10.1088/0004-637X/782/2/76},
  adsurl = {http://cdsads.u-strasbg.fr/abs/2014ApJ...782...76G},
  adsnote = {Provided by the SAO/NASA Astrophysics Data System}
}


@ARTICLE{garcia13,
   author = {{Garc{\'{\i}}a}, J. and {Dauser}, T. and {Reynolds}, C.~S. and 
	{Kallman}, T.~R. and {McClintock}, J.~E. and {Wilms}, J. and 
	{Eikmann}, W.},
    title = "{X-Ray Reflected Spectra from Accretion Disk Models. III. A Complete Grid of Ionized Reflection Calculations}",
  journal = {\apj},
archivePrefix = "arXiv",
   eprint = {1303.2112},
 primaryClass = "astro-ph.HE",
 keywords = {accretion, accretion disks, atomic processes, black hole physics, line: formation, radiative transfer, X-rays: general },
     year = 2013,
    month = may,
   volume = 768,
      eid = {146},
    pages = {146},
      doi = {10.1088/0004-637X/768/2/146},
   adsurl = {http://adsabs.harvard.edu/abs/2013ApJ...768..146G},
  adsnote = {Provided by the SAO/NASA Astrophysics Data System}
}


@ARTICLE{miller06a,
   author = {{Miller}, J.~M. and {Homan}, J. and {Steeghs}, D. and {Rupen}, M. and 
	{Hunstead}, R.~W. and {Wijnands}, R. and {Charles}, P.~A. and 
	{Fabian}, A.~C.},
    title = "{A Long, Hard Look at the Low/Hard State in Accreting Black Holes}",
  journal = {\apj},
   eprint = {astro-ph/0602633},
 keywords = {Accretion, Accretion Disks, Black Hole Physics, Relativity, X-Rays: Binaries, X-rays: individual (GX 339-4)},
     year = 2006,
    month = dec,
   volume = 653,
    pages = {525-535},
      doi = {10.1086/508644},
   adsurl = {http://adsabs.harvard.edu/abs/2006ApJ...653..525M},
  adsnote = {Provided by the SAO/NASA Astrophysics Data System}
}



@ARTICLE{miller06b,
   author = {{Miller}, J.~M. and {Homan}, J. and {Miniutti}, G.},
    title = "{A Prominent Accretion Disk in the Low-Hard State of the Black Hole Candidate SWIFT J1753.5-0127}",
  journal = {\apjl},
   eprint = {astro-ph/0605190},
 keywords = {Accretion, Accretion Disks, Black Hole Physics, Relativity, stars: individual (SWIFT J1753.5-0127), X-Rays: Binaries},
     year = 2006,
    month = dec,
   volume = 652,
    pages = {L113-L116},
      doi = {10.1086/510015},
   adsurl = {http://adsabs.harvard.edu/abs/2006ApJ...652L.113M},
  adsnote = {Provided by the SAO/NASA Astrophysics Data System}
}

@ARTICLE{parker15,
   author = {{Parker}, M.~L. and {Tomsick}, J.~A. and {Miller}, J.~M. and 
	{Yamaoka}, K. and {Lohfink}, A. and {Nowak}, M. and {Fabian}, A.~C. and 
	{Alston}, W.~N. and {Boggs}, S.~E. and {Christensen}, F.~E. and 
	{Craig}, W.~W. and {F{\"u}rst}, F. and {Gandhi}, P. and {Grefenstette}, B.~W. and 
	{Grinberg}, V. and {Hailey}, C.~J. and {Harrison}, F.~A. and 
	{Kara}, E. and {King}, A.~L. and {Stern}, D. and {Walton}, D.~J. and 
	{Wilms}, J. and {Zhang}, W.~W.},
    title = "{NuSTAR and Suzaku Observations of the Hard State in Cygnus X-1: Locating the Inner Accretion Disk}",
  journal = {\apj},
archivePrefix = "arXiv",
   eprint = {1506.00007},
 primaryClass = "astro-ph.HE",
 keywords = {accretion, accretion disks, black hole physics, X-rays: binaries, X-rays: individual: Cygnus X-1},
     year = 2015,
    month = jul,
   volume = 808,
      eid = {9},
    pages = {9},
      doi = {10.1088/0004-637X/808/1/9},
   adsurl = {http://adsabs.harvard.edu/abs/2015ApJ...808....9P},
  adsnote = {Provided by the SAO/NASA Astrophysics Data System}
}

@ARTICLE{stella98,
   author = {{Stella}, L. and {Vietri}, M.},
    title = "{Lense-Thirring Precession and Quasi-periodic Oscillations in Low-Mass X-Ray Binaries}",
  journal = {\apjl},
   eprint = {astro-ph/9709085},
 keywords = {ACCRETION, ACCRETION DISKS, RELATIVITY, STARS: PULSARS: GENERAL, STARS: NEUTRON, STARS: ROTATION, X-RAYS: STARS, Accretion, Accretion Disks, Stars: Pulsars: General, Relativity, Stars: Neutron, Stars: Rotation, X-Rays: Stars},
     year = 1998,
    month = jan,
   volume = 492,
    pages = {L59-L62},
      doi = {10.1086/311075},
   adsurl = {http://adsabs.harvard.edu/abs/1998ApJ...492L..59S},
  adsnote = {Provided by the SAO/NASA Astrophysics Data System}
}

@ARTICLE{ingram09,
   author = {{Ingram}, A. and {Done}, C. and {Fragile}, P.~C.},
    title = "{Low-frequency quasi-periodic oscillations spectra and Lense-Thirring precession}",
  journal = {\mnras},
archivePrefix = "arXiv",
   eprint = {0901.1238},
 primaryClass = "astro-ph.SR",
 keywords = {accretion, accretion discs, black hole physics, X-rays: binaries},
     year = 2009,
    month = jul,
   volume = 397,
    pages = {L101-L105},
      doi = {10.1111/j.1745-3933.2009.00693.x},
   adsurl = {http://adsabs.harvard.edu/abs/2009MNRAS.397L.101I},
  adsnote = {Provided by the SAO/NASA Astrophysics Data System}
}

@ARTICLE{ingram16,
   author = {{Ingram}, A. and {van der Klis}, M. and {Middleton}, M. and 
	{Done}, C. and {Altamirano}, D. and {Heil}, L. and {Uttley}, P. and 
	{Axelsson}, M.},
    title = "{A quasi-periodic modulation of the iron line centroid energy in the black hole binary H1743-322}",
  journal = {\mnras},
archivePrefix = "arXiv",
   eprint = {1607.02866},
 primaryClass = "astro-ph.HE",
 keywords = {accretion, accretion discs, black hole physics, relativistic processes, X-rays: individual: H1743-322},
     year = 2016,
    month = sep,
   volume = 461,
    pages = {1967-1980},
      doi = {10.1093/mnras/stw1245},
   adsurl = {http://adsabs.harvard.edu/abs/2016MNRAS.461.1967I},
  adsnote = {Provided by the SAO/NASA Astrophysics Data System}
}


@ARTICLE{molteni96,
   author = {{Molteni}, D. and {Sponholz}, H. and {Chakrabarti}, S.~K.},
    title = "{Resonance Oscillation of Radiative Shock Waves in Accretion Disks around Compact Objects}",
  journal = {\apj},
   eprint = {astro-ph/9508022},
 keywords = {ACCRETION, ACCRETION DISKS, BLACK HOLE PHYSICS, HYDRODYNAMICS, METHODS: NUMERICAL, SHOCK WAVES, STARS: OSCILLATIONS},
     year = 1996,
    month = feb,
   volume = 457,
    pages = {805},
      doi = {10.1086/176775},
   adsurl = {http://adsabs.harvard.edu/abs/1996ApJ...457..805M},
  adsnote = {Provided by the SAO/NASA Astrophysics Data System}
}

@ARTICLE{casella05,
   author = {{Casella}, P. and {Belloni}, T. and {Stella}, L.},
    title = "{The ABC of Low-Frequency Quasi-periodic Oscillations in Black Hole Candidates: Analogies with Z Sources}",
  journal = {\apj},
   eprint = {astro-ph/0504318},
 keywords = {Accretion, Accretion Disks, Black Hole Physics, Stars: Oscillations, X-Rays: Binaries},
     year = 2005,
    month = aug,
   volume = 629,
    pages = {403-407},
      doi = {10.1086/431174},
   adsurl = {http://adsabs.harvard.edu/abs/2005ApJ...629..403C},
  adsnote = {Provided by the SAO/NASA Astrophysics Data System}
}

@article{yan17,
  title={Detection of X-ray spectral state transitions in mini-outbursts of black hole transient GRS 1739- 278},
  author={Yan, Zhen and Yu, Wenfei},
  journal={Monthly Notices of the Royal Astronomical Society},
  volume={470},
  number={4},
  pages={4298--4306},
  year={2017},
  publisher={Oxford University Press}
}


@ARTICLE{wijnands99,
   author = {{Wijnands}, R. and {van der Klis}, M.},
    title = "{The Broadband Power Spectra of X-Ray Binaries}",
  journal = {\apj},
   eprint = {astro-ph/9810342},
 keywords = {ACCRETION, ACCRETION DISKS, BLACK HOLE PHYSICS, STARS: NEUTRON, X-RAYS: STARS, Accretion, Accretion Disks, Black Hole Physics, Stars: Neutron, X-Rays: Stars},
     year = 1999,
    month = apr,
   volume = 514,
    pages = {939-944},
      doi = {10.1086/306993},
   adsurl = {http://adsabs.harvard.edu/abs/1999ApJ...514..939W},
  adsnote = {Provided by the SAO/NASA Astrophysics Data System}
}


@ARTICLE{heil15,
   author = {{Heil}, L.~M. and {Uttley}, P. and {Klein-Wolt}, M.},
    title = "{Power colours: simple X-ray binary variability comparison}",
  journal = {\mnras},
archivePrefix = "arXiv",
   eprint = {1405.2024},
 primaryClass = "astro-ph.HE",
 keywords = {X-rays: binaries, X-rays: general, X-rays: individual: Cygnus X-1, X-rays: individual: Aquila X-1},
     year = 2015,
    month = apr,
   volume = 448,
    pages = {3339-3347},
      doi = {10.1093/mnras/stv191},
   adsurl = {http://adsabs.harvard.edu/abs/2015MNRAS.448.3339H},
  adsnote = {Provided by the SAO/NASA Astrophysics Data System}
}

@ARTICLE{cabanac10,
   author = {{Cabanac}, C. and {Henri}, G. and {Petrucci}, P.-O. and {Malzac}, J. and 
	{Ferreira}, J. and {Belloni}, T.~M.},
    title = "{Variability of X-ray binaries from an oscillating hot corona}",
  journal = {\mnras},
archivePrefix = "arXiv",
   eprint = {1001.2116},
 primaryClass = "astro-ph.HE",
 keywords = {accretion, accretion discs, X-rays: binaries},
     year = 2010,
    month = may,
   volume = 404,
    pages = {738-748},
      doi = {10.1111/j.1365-2966.2010.16340.x},
   adsurl = {http://adsabs.harvard.edu/abs/2010MNRAS.404..738C},
  adsnote = {Provided by the SAO/NASA Astrophysics Data System}
}


@ARTICLE{tagger99,
   author = {{Tagger}, M. and {Pellat}, R.},
    title = "{An accretion-ejection instability in magnetized disks}",
  journal = {\aap},
   eprint = {astro-ph/9907267},
 keywords = {ACCRETION, ACCRETION DISKS, INSTABILITIES, MAGNETOHYDRODYNAMICS (MHD), WAVES, GALAXIES: JETS},
     year = 1999,
    month = sep,
   volume = 349,
    pages = {1003-1016},
   adsurl = {http://adsabs.harvard.edu/abs/1999A%26A...349.1003T},
  adsnote = {Provided by the SAO/NASA Astrophysics Data System}
}


@ARTICLE{shakura73,
   author = {{Shakura}, N.~I. and {Sunyaev}, R.~A.},
    title = "{Black holes in binary systems. Observational appearance.}",
  journal = {\aap},
     year = 1973,
   volume = 24,
    pages = {337-355},
   adsurl = {http://adsabs.harvard.edu/abs/1973A%26A....24..337S},
  adsnote = {Provided by the SAO/NASA Astrophysics Data System}
}

@ARTICLE{ross05,
   author = {{Ross}, R.~R. and {Fabian}, A.~C.},
    title = "{A comprehensive range of X-ray ionized-reflection models}",
  journal = {\mnras},
   eprint = {astro-ph/0501116},
 keywords = {accretion, accretion discs, line: formation, radiative transfer, galaxies: active, X-rays: general},
     year = 2005,
    month = mar,
   volume = 358,
    pages = {211-216},
      doi = {10.1111/j.1365-2966.2005.08797.x},
   adsurl = {http://adsabs.harvard.edu/abs/2005MNRAS.358..211R},
  adsnote = {Provided by the SAO/NASA Astrophysics Data System}
}

@ARTICLE{wilkins12,
   author = {{Wilkins}, D.~R. and {Fabian}, A.~C.},
    title = "{Understanding X-ray reflection emissivity profiles in AGN: locating the X-ray source}",
  journal = {\mnras},
archivePrefix = "arXiv",
   eprint = {1205.3179},
 primaryClass = "astro-ph.HE",
 keywords = {accretion, accretion discs, black hole physics, line: profiles, X-rays: general},
     year = 2012,
    month = aug,
   volume = 424,
    pages = {1284-1296},
      doi = {10.1111/j.1365-2966.2012.21308.x},
   adsurl = {http://adsabs.harvard.edu/abs/2012MNRAS.424.1284W},
  adsnote = {Provided by the SAO/NASA Astrophysics Data System}
}







