%wery first study on the X-ray binary aperiodic variability
@ARTICLE{1972ApJ...174L..35T,
	author = {{Terrell}, Jr., N.~J.},
	title = "{Shot-Noise Character of Cygnus X-1 Pulsations}",
	journal = {\apjl},
	year = 1972,
	month = may,
	volume = 174,
	pages = {L35},
	doi = {10.1086/180944},
	adsurl = {http://adsabs.harvard.edu/abs/1972ApJ...174L..35T},
	adsnote = {Provided by the SAO/NASA Astrophysics Data System}
}

%study of the Cyg X-1 variability in hard state with EXOSAT data
@ARTICLE{1990A&A...227L..33B,
	author = {{Belloni}, T. and {Hasinger}, G.},
	title = "{Variability in the noise properties of Cygnus X-1}",
	journal = {\aap},
	keywords = {Black Holes (Astronomy), Supergiant Stars, X Ray Sources, Active Galactic Nuclei, Cygnus Constellation, Exosat Satellite, Noise Spectra, Power Spectra, Variability},
	year = 1990,
	month = jan,
	volume = 227,
	pages = {L33-L36},
	adsurl = {http://adsabs.harvard.edu/abs/1990A%26A...227L..33B},
	adsnote = {Provided by the SAO/NASA Astrophysics Data System}
}


@ARTICLE{1995ApJ...452..710N,
	author = {{Narayan}, R. and {Yi}, I.},
	title = "{Advection-dominated Accretion: Underfed Black Holes and Neutron Stars}",
	journal = {\apj},
	eprint = {astro-ph/9411059},
	keywords = {ACCRETION, ACCRETION DISKS, BLACK HOLE PHYSICS, RADIATION MECHANISMS: NONTHERMAL, STARS: NEUTRON},
	year = 1995,
	month = oct,
	volume = 452,
	pages = {710},
	doi = {10.1086/176343},
	adsurl = {http://adsabs.harvard.edu/abs/1995ApJ...452..710N},
	adsnote = {Provided by the SAO/NASA Astrophysics Data System}
}

@ARTICLE{1975ApJ...199L.153E,
	author = {{Eardley}, D.~M. and {Lightman}, A.~P. and {Shapiro}, S.~L.},
	title = "{Cygnus X-1 - A two-temperature accretion disk model which explains the observed hard X-ray spectrum}",
	journal = {\apjl},
	keywords = {Astronomical Models, Binary Stars, Black Holes (Astronomy), Stellar Temperature, X Ray Spectra, X Ray Stars, Radiant Flux Density, Stellar Evolution, Stellar Spectra, X Ray Astronomy},
	year = 1975,
	month = aug,
	volume = 199,
	pages = {L153-L155},
	doi = {10.1086/181871},
	adsurl = {http://adsabs.harvard.edu/abs/1975ApJ...199L.153E},
	adsnote = {Provided by the SAO/NASA Astrophysics Data System}
}


@ARTICLE{1976ApJ...204..187S,
	author = {{Shapiro}, S.~L. and {Lightman}, A.~P. and {Eardley}, D.~M.},
	title = "{A two-temperature accretion disk model for Cygnus X-1 - Structure and spectrum}",
	journal = {\apj},
	keywords = {Astronomical Models, Black Holes (Astronomy), Radiative Transfer, X Ray Sources, X Ray Stars, Compton Effect, Disks (Shapes), Electron Energy, Emission Spectra, Ion Temperature, X Ray Spectra},
	year = 1976,
	month = feb,
	volume = 204,
	pages = {187-199},
	doi = {10.1086/154162},
	adsurl = {http://adsabs.harvard.edu/abs/1976ApJ...204..187S},
	adsnote = {Provided by the SAO/NASA Astrophysics Data System}
}

@ARTICLE{2015ApJ...800..109B,
	author = {{Bachetti}, M. and {Harrison}, F.~A. and {Cook}, R. and {Tomsick}, J. and 
	{Schmid}, C. and {Grefenstette}, B.~W. and {Barret}, D. and 
	{Boggs}, S.~E. and {Christensen}, F.~E. and {Craig}, W.~W. and 
	{Fabian}, A.~C. and {F{\"u}rst}, F. and {Gandhi}, P. and {Hailey}, C.~J. and 
	{Kara}, E. and {Maccarone}, T.~J. and {Miller}, J.~M. and {Pottschmidt}, K. and 
	{Stern}, D. and {Uttley}, P. and {Walton}, D.~J. and {Wilms}, J. and 
	{Zhang}, W.~W.},
	title = "{No Time for Dead Time: Timing Analysis of Bright Black Hole Binaries with NuSTAR}",
	journal = {\apj},
	archivePrefix = "arXiv",
	eprint = {1409.3248},
	primaryClass = "astro-ph.HE",
	keywords = {accretion, accretion disks, black hole physics, methods: data analysis, methods: statistical, X-rays: stars},
	year = 2015,
	month = feb,
	volume = 800,
	eid = {109},
	pages = {109},
	doi = {10.1088/0004-637X/800/2/109},
	adsurl = {http://adsabs.harvard.edu/abs/2015ApJ...800..109B},
	adsnote = {Provided by the SAO/NASA Astrophysics Data System}
}

